@book{islr,
	author  = "James G. et al.",
	title   = "An Introduction to Statistical Learning",
	publisher = "Springer",
	year    = "2013",
	edition = "2",
}

@article{pardey,
author  = "Pardey J., Roberts S., Tarassenko L.", 
title   = "A review of parametric modelling techniques for EEG analysis",
journal = "Medical Engineering \& Physics",
year    = "1996",
pages   = "2-11",
month   = "3",
volume  = "18",
}

@article{kevric,
author  = "Kevric J., Subasi A.", 
title   = "Comparison of signal decomposition methods in classification of EEG signals for motor-imagery BCI system",
journal = "Biomedical Signal Processing and Control",
year    = "2017",
pages   = "398-406",
month   = "1",
volume  = "31",
}


@conference{vaid,
author  = "Vaid S., Singh P., Kaur C.", 
title   = "EEG Signal Analysis for BCI Interface: A Review",
booktitle = "Proceedings of the Fifth International Conference on Advanced Computing \& Communication Technologies",
year    = "2015",
pages   = "143-147",
month   = "2",
}

@article{subha,
author  = "Subha D.P. et al.", 
title   = "EEG Signal Analysis: A Survey",
journal = "Journal of Medical Systems",
year    = "2010",
pages   = "195-212",
month   = "4",
volume  = "34",
}

@article{amin,
	author  = "Amin H.U. et al.", 
	title   = "Classification of EEG Signals Based on Pattern Recognition Approach",
	journal = "Frontiers in Computational Neuroscience",
	year    = "2017",
	pages   = "195-212",
	month   = "11",
	volume  = "11",
}

@conference{ramirez,
	author  = "Ramirez R., Vamvakousis Z.", 
	title   = "Detecting Emotion from EEG Signals Using the Emotive Epoc Device",
	booktitle = "Brain Informatics",
	year    = "2012",
	pages   = "175-184",
	month   = "12",
}

@inbook{diez,
	author = "Diez P.F.",
	year = "2009",
	month = "10",
	title = "Classification of Mental Tasks using Different Spectral Estimation Methods",
	isbn = "978-953-307-013-1",
	doi = "10.5772/7863",
}

@article{repovs,
	author = "Repovs G.",
	year = "2010",
	month = "1",
	pages = "18-25",
	title = "Dealing with noise in EEG recording and data analysis",
	volume = "15",
	journal = "Informatica Medica Slovenica",
}

@article{ting,
	author = "Ting W. et al.",
	year = "2008",
	month = "7",
	pages = "618–625",
	title = "EEG feature extraction based on wavelet packet decomposition for brain computer interface",
	volume = "41",
	journal = "Measurement",
	doi = "10.1016/j.measurement.2007.07.007",
}


@article{delgado,
	author = "Delgado Saa J., Sotaquira M.",
	year = "2008",
	month = "6",
	title = "EEG Signal Classification Using Power Spectral Features and Linear Discriminant Analysis: A Brain Computer Interface Application",
}

@article{nuwer,
	author = "Nuwer M.R.",
	year = "1999",
	month = "2",
	pages = "11-14",
	title = "IFCN standards for digital recording of clinical EEG. The International Federation of Clinical Neurophysiology",
	volume = "52",
	journal = "Electroencephalography and clinical neurophysiology. Supplement",
}

@inproceedings{sherwood,
	author = "Sherwood J., Derakhshani R.",
	year = "2009",
	month = "6",
	pages = "2895-2902",
	title = "On classifiability of wavelet features for EEG-based brain-computer interfaces",
	journal = "Proceedings of the International Joint Conference on Neural Networks",
	doi = "10.1109/IJCNN.2009.5178939",
}


@inproceedings{prochazka,
	author = "Procházka A. et al.",
	year = "2010",
	month = "6",
	pages = "317-320",
	title = "Multi-channel EEG signal segmentation and feature extraction",
	doi = "10.1109/INES.2010.5483824",
}


@phdthesis{lan,
	title    = "Feature extraction feature selection and
	dimensionality reduction techniques for brain
	computer interface",
	school   = "Oregon Health \& Science University",
	author   = "Lan  T.",
	year     = "2011",
}

@article{kumar,
	author = "Kumar A., Kolekar M.",
	year = "2015",
	month = "1",
	pages = "412-416",
	title = "Machine learning approach for epileptic seizure detection using wavelet analysis of EEG signals",
	doi = "10.1109/MedCom.2014.7006043",
}

@article{hsu,
	author = "Hsu C.W., Chang C.C., Lin C.J.",
	year = "2003",
	month = "1",
	title = "A Practical Guide to Support Vector Classifcation",
}

@article{lotte1,
	author = "Lotte F. et al.",
	year = "2007",
	month = "7",
	title = "A review of classification algorithms for EEG-based brain-computer interfaces",
	volume = "4",
	journal = "Journal of Neural Engineering",
	doi = "10.1088/1741-2560/4/2/R01",
}

@incollection{lotte2,
	TITLE = {A Tutorial on EEG Signal Processing Techniques for Mental State Recognition in Brain-Computer Interfaces},
	AUTHOR = {Lotte F.},
	URL = {https://hal.inria.fr/hal-01055103},
	BOOKTITLE = {Guide to Brain-Computer Music Interfacing},
	PUBLISHER = {Springer},
	YEAR = {2014},
}

@article{wang,
	author = "Wang L. et al.",
	year = "2017",
	month = "5",
	title = "Automatic Epileptic Seizure Detection in EEG Signals Using Multi-Domain Feature Extraction and Nonlinear Analysis",
	volume = "19",
	journal = "Entropy",
	doi = "10.3390/e19060222",
}

@article{oh,
	author = "Oh S-H., Lee Y-R., Kim H-N.",
	year = "2014",
	month = "1",
	pages = "106-110",
	title = "A Novel EEG Feature Extraction Method Using Hjorth Parameter",
	volume = "2",
	journal = "International Journal of Electronics and Electrical Engineering",
	doi = "10.12720/ijeee.2.2.106-110",
}

@article{mahajan,
	journal = "International Journal of Engineering and Advanced Technology",
	title = "Classification of EEG using PCA, ICA and Neural Network",
	author = "Mahajan K. et al.",
	year = "2011",
	month = "10",
	volume = "1",
}

@misc{emotiv,
	title = "Emotiv EPOC+ - dane techniczne",
	note = "\url{https://www.emotiv.com/files/Emotiv-EPOC-Product-Sheet-2014.pdf} [dostęp 29.01.2019]",
}

@misc{emotiv2,
	title = "Emotiv EPOC+ - instrukcja obsługi",
	note = "\url{https://emotiv.gitbook.io/epoc-user-manual/} [dostęp 12.04.2019]",
}

@article{uriguen,
	author = {Urigüen J.A. and Garcia-Zaparin B.},
	year = {2017},
	month = {02},
	pages = {},
	title = {Electroencephalogram Artifact Removal - Validation},
	volume = {7},
	journal = {Journal of Medical Imaging and Health Informatics},
	doi = {10.1166/jmihi.2017.2002}
}

@article{prakash,
	author = "Prakash A., Roy V.",
	year = "2016",
	month = "9",
	title = "A Review on EEG Artifacts and its Different Removal Technique",
	volume = "9",
	journal = "International Journal of Signal Processing, Image Processing and Pattern Recognition",
}

@misc{1020system,
title = "Rozkład elektrod w systemie 10-20",
note = "\url{https://commons.wikimedia.org/wiki/File:21_electrodes_of_International_10-20_system_for_EEG.svg} [dostęp 27.01.2019]"
}

@book{stoica,
title = "Spectral Analysis of Signals",
author = "Stoica P., Moses R.",
year = "2005",
publisher = "Prentice Hall",
}

@inbook{foaud,
	author = {Fouad, Mohamed and Amin, Khalid and El-Bendary, Nashwa and Hassanien, Aboul Ella},
	year = {2014},
	month = {11},
	pages = {3-30},
	title = {Brain Computer Interface: A Review},
	volume = {74},
	isbn = {978-3-319-10977-0},
	journal = {Intelligent Systems Reference Library},
	doi = {10.1007/978-3-319-10978-7_1}
}

@article{nicolasalonso,
author = "Nicolas-Alonso L.F., Gomez-Gil J.",
title = "Brain Computer Interfaces, a Review",
journal = "Sensors",
year = "2012",
month = "12",
}

@article{vidal,
author = "Vidal J.J.",
title = "Toward direct brain-computer communication",
year = "1973",
month = "2",
journal = "Annual review of biophysics and engineering",
}

@article{berger,
	title = "Über das Elektrenkephalogramm des Menschen",
	author = "Berger H.",
	journal = "Archiv für Psychiatrie und Nervenkrankheiten",
	year = "1929",
}

@article{farwell,
	author = "Farwell L.A., Donchin E.",
	year = "1988",
	month = "1",
	pages = "510-523",
	title = "Talking off the top of your head: A mental prosthesis utilizing event-related brain potentials",
	volume = "70",
	journal = "Electroencephalography and Clinical Neurophysiolgy"
}

@article{bozinovski,
	author = "Bozinovski S., Sestakov M., Bozinovska L.",
	year = "1988",
	month = "1",
	title = "Using EEG alpha rhythm to control a mobile robot",
	doi = "10.1109/IEMBS.1988.95357",
}

@article{jasper,
	author = "Jasper H.H.",
	title = "The Ten-Twenty Electrode System of the International Federation",
	journal = "Electroencephalography and Clinical Neurophysiology",
	volume = "10",
	pages = "371-375",
	year = "1958",
}

@article{campisi,
	author = "Campisi P., La Rocca D., Scarano G.",
	year = "2012",
	month = "7",
	pages = "87-89",
	title = "EEG for Automatic Person Recognition",
	volume = "45",
	journal = "Computer",
	doi = "10.1109/MC.2012.233",
}

@article{lega,
author = "Lega B.C., Jacobs J., Kahana M.",
year = "2012",
month = "4",
pages = " 748-761",
title = "Human hippocampal theta oscillations and the formation of episodic memories",
volume = "22",
number = "4",
journal = "Hippocampus",
doi = "10.1002/hipo.20937",
}

@article{ekstrom,
	author = "Ekstrom A.D. et al",
	title = "Human hippocampal theta activity during virtual navigation",
	journal = "Hippocampus",
	volume = "15",
	number = "7",
	pages = "881-889",
	doi = "10.1002/hipo.20109",
	month = "8",
	year = "2005",
}

@article{vanderwolf,
	author = "Vanderwolf C.H.",
	title = "Hippocampal electrical activity and voluntary movement in the rat",
	journal = "Electroencephalography and Clinical Neurophysiology",
	volume = "26",
	number = "4",
	pages = "407-418",
	doi = "10.1016/0013-4694(69)90092-3",
	year = "1969",
	month = "4",
}

@article{harmony,
	author = "Harmony T.",
	title = "The functional significance of delta oscillations in cognitive processing",
	journal = "Frontiers in Integrative Neuroscience",
	volume = "7",
	month = "12",
	doi = "10.3389/fnint.2013.00083",
	year = "2013",
}

@book{eslii,
	author  = "Hastie T., Tibshirani R., Friedman J.",
	title   = "The Elements of Statistical Learning",
	publisher = "Springer",
	year    = "2016",
	edition = "2",
}

@article{prasath,
	author = "Prasath S. et al",
	year = "2017",
	month = "08",
	title = "Distance and Similarity Measures Effect on the Performance of K-Nearest Neighbor Classifier - A Review",
}

@article{hassanat,
	author = "Hassanat A.",
	year = "2014",
	month = "08",
	pages = "221-226",
	title = "Dimensionality Invariant Similarity Measure",
	volume = "10",
	journal = "Journal of American Science",
}

@article{swettenham,
	author = {Swettenham J.B., Muthukumaraswamy S.D., Singh K.D.},
	title = {Spectral Properties of Induced and Evoked Gamma Oscillations in Human Early Visual Cortex to Moving and Stationary Stimuli},
	journal = {Journal of Neurophysiology},
	volume = {102},
	number = {2},
	pages = {1241-1253},
	year = {2009},
	doi = {10.1152/jn.91044.2008},
}

@misc{curseimg,
	note = "\url{https://www.kdnuggets.com/2017/04/must-know-curse-dimensionality.html} [dostęp 02.04.2019]",
}

@book{bellman,
	author = "Bellman R.",
	title = "Dynamic programming",
	year = "1957",
}

@conference{beyer,
	author = "Beyer K. et al.",
	title = "When Is ''Nearest Neighbor'' Meaningful?",
	year = "1999",
	month = "12",
	booktitle = "Proceedings of the 7th International Conference on Database Theory",
	pages = "217-235",
	isbn = "3-540-65452-6",
	url = "http://dl.acm.org/citation.cfm?id=645503.656271",
	
}
	
@article{leborgne,
author = {Le Borgne Y.},
year = {2019},
month = {04},
pages = {},
title = {Bias-variance trade-off characterization in a classification problem: What differences with regression}
}


@article{hill,
	author = {Hill N. et al.},
	year = {2012},
	month = {07},
	pages = {},
	title = {Recording Human Electrocorticographic (ECoG) Signals for Neuroscientific Research and Real-time Functional Cortical Mapping},
	volume = {64},
	journal = {Journal of visualized experiments : JoVE},
	doi = {10.3791/3993}
}

@article{shenoy,
	author={Shenoy P. et al.},
	journal={IEEE Transactions on Biomedical Engineering},
	title={Generalized Features for Electrocorticographic BCIs},
	year={2008},
	volume={55},
	number={1},
	pages={273-280},
	ISSN={0018-9294},
	month={01}
}

@article{haas,
	author = {Haas L.F.},
	year = {2003},
	month = {02},
	pages = {9},
	title = {Hans Berger (1873–1941), Richard Caton (1842–1926), and electroencephalography},
	volume = {74},
	journal = {Journal of neurology, neurosurgery, and psychiatry},
	doi = {10.1136/jnnp.74.1.9}
}

@article{smith,
	author = {Smith S.J.M.},
	year = {2005},
	month = {07},
	pages = {ii2-7},
	title = {EEG in the diagnosis, classification, and management of patients with epilepsy},
	volume = {76 Suppl 2},
	journal = {Journal of neurology, neurosurgery, and psychiatry},
	doi = {10.1136/jnnp.2005.069245}
}

@article{lee,
	author = {Lee S.-Y. et al.},
	year = {2017},
	month = {01},
	pages = {118-124},
	title = {Electroencephalography for the diagnosis of brain death},
	volume = {19},
	journal = {Annals of Clinical Neurophysiology},
	doi = {10.14253/acn.2017.19.2.118}
}

@article{ianof,
	author = {Ianof J., Anghinah R.},
	year = {2017},
	month = {03},
	pages = {3-5},
	title = {Traumatic brain injury: An EEG point of view},
	volume = {11},
	journal = {Dementia \& Neuropsychologia},
	doi = {10.1590/1980-57642016dn11-010002}
}

@article{simon,
	author = {Simon V.A. et al.},
	year = {2018},
	month = {06},
	pages = {012028},
	title = {One-channel EEG monitor for tracking the depth of narcosis},
	volume = {1038},
	journal = {Journal of Physics: Conference Series},
	doi = {10.1088/1742-6596/1038/1/012028}
}

@article{sutter,
	author = {Sutter R., Kaplan P.},
	year = {2012},
	month = {12},
	pages = {201-209},
	title = {Electroencephalographic patterns in coma: When things slow down},
	volume = {29},
	journal = {Epileptologie}
}

@inbook{lotte3,
	author = {Lotte F., Nam C., Nijholt A.},
	year = {2018},
	month = {01},
	pages = {1-8},
	title = {Introduction: Evolution of Brain-Computer Interfaces},
	isbn = {978-1-4987-7343-0}
}

@article{lebedev,
	author = {Lebedev M., Nicolelis M.A.L.},
	year = {2006},
	month = {10},
	pages = {536-546},
	title = {Brain-Machine Interfaces: Past, Present and Future},
	volume = {29},
	journal = {Trends in Neurosciences},
	doi = {10.1016/j.tins.2006.07.004}
}

@article{kubler,
	author = {Kübler A.},
	title = {Brain-computer interfacing: science fiction has come true},
	journal = {Brain},
	volume = {136},
	number = {6},
	pages = {2001-2004},
	year = {2013},
	month = {04},
	issn = {0006-8950},
	doi = {10.1093/brain/awt077}
}

@book{webster,
	author = {Webster J.},
	year = {2006},
	title = {Encyclopedia of Medical Devices and Instrumentation},
	volume = {5},
	edition = {2},
	journal = {John Wiley and Sons}
}

@article{teplan,
	author = "Teplan M.",
	year = "2002",
	title = "Fundamentals of EEG Measurement",
	year = "2002",
	journal = "Measurement Science Review",
	volume = "2",
}

@article{lantz,
	author = {Lantz G. et al.},
	month = {02},
	pages = {63-9},
	title = {Epileptic source localization with high density EEG: How many electrodes are needed?},
	volume = {114},
	journal = {Clinical neurophysiology : official journal of the International Federation of Clinical Neurophysiology},
	doi = {10.1016/S1388-2457(02)00337-1}
}

@article{rockstroh,
	author = {Rockstroh B. et al.},
	year = {2007},
	month = {02},
	pages = {44},
	title = {Abnormal oscillatory brain dynamics in schizophrenia: A sign of deviant communication in neural network?},
	volume = {7},
	journal = {BMC psychiatry},
	doi = {10.1186/1471-244X-7-44}
}

@article{jacobson,
	author = {Jacobson S., Jerrier H.},
	year = {2000},
	month = {05},
	pages = {86-92},
	title = {EEG in delirium},
	volume = {5},
	journal = {Seminars in clinical neuropsychiatry}
}

@article{jia,
	author = {Jia X., Kohn A.},
	year = {2011},
	month = {04},
	pages = {e1001045},
	title = {Gamma Rhythms in the Brain},
	volume = {9},
	journal = {PLoS biology},
	doi = {10.1371/journal.pbio.1001045}
}

@book{prml,
	author = "Bishop C.M.",
	title = "Pattern Recognition and Machine Learning",
	year = "2006",
	publisher = "Springer",
}

@article{potdar,
	author = {Potdar K., Pardawala T., Pai C.},
	year = {2017},
	month = {10},
	pages = {7-9},
	title = {A Comparative Study of Categorical Variable Encoding Techniques for Neural Network Classifiers},
	volume = {175},
	journal = {International Journal of Computer Applications},
	doi = {10.5120/ijca2017915495}
}

@article{garavaglia,
	author = {Garavaglia S., Sharma A., Bradstreet M.H.},
	year = {1998},
	title = {A Smart Guide to Dummy Variables: Four Applications and a Macro},
	url = {https://pdfs.semanticscholar.org/efec/2a88f0e74a1668df4b80b571c04af9ebf707.pdf}
}

@article{lu,
	author = {Lu B. et al.},
	year = {2015},
	month = {09},
	pages = {1-18},
	title = {The Minkowski approach for choosing the distance metric in geographically weighted regression},
	volume = {30},
	journal = {International Journal of Geographical Information Science},
	doi = {10.1080/13658816.2015.1087001}
}

@article{cybenko,
	author = {Cybenko G.},
	year = {1989},
	month = {12},
	pages = {303-314},
	title = {Approximation by superpositions of a sigmoidal function},
	volume = {2},
	journal = {Mathematics of Control, Signals, and Systems},
	doi = {10.1007/BF02551274}
}

@book{haykin,
	title = "Neural Networks and Learning Machines",
	author = "Haykin S.",
	year = "2009",
	edition = "3",
	publisher = "Pearson"
}

@article{hornik,
	author = {Hornik K., Stinchcombe M., White H.},
	year = {1989},
	month = {12},
	pages = {359-366},
	title = {Multilayer feedforward networks are universal approximators},
	volume = {2},
	journal = {Neural Networks},
	doi = {10.1016/0893-6080(89)90020-8}
}

@article{bengio,
	author = {Bengio Y., Simard P., Frasconi P.},
	year = {1994},
	month = {02},
	pages = {157-66},
	title = {Learning long-term dependencies with gradient descent is difficult},
	volume = {5},
	journal = {IEEE transactions on neural networks / a publication of the IEEE Neural Networks Council},
	doi = {10.1109/72.279181}
}

@article{hochreiter,
	author = {Hochreiter S.},
	year = {1998},
	month = {04},
	pages = {107-116},
	title = {The Vanishing Gradient Problem During Learning Recurrent Neural Nets and Problem Solutions},
	volume = {6},
	journal = {International Journal of Uncertainty, Fuzziness and Knowledge-Based Systems},
	doi = {10.1142/S0218488598000094}
}

@inproceedings{nair,
	author = {Nair V., Hinton G.E.},
	year = {2010},
	month = {06},
	pages = {807-814},
	title = {Rectified Linear Units Improve Restricted Boltzmann Machines},
	volume = {27},
	journal = {Proceedings of ICML}
}

@inproceedings{glorot,
	author = {Glorot X., Bordes A., Bengio Y.},
	year = {2010},
	month = {01},
	title = {Deep Sparse Rectifier Neural Networks},
	volume = {15},
	journal = {Journal of Machine Learning Research}
}

@inproceedings{jarrett,
	author = {Jarrett K. et al.},
	year = {2009},
	month = {09},
	title = {What is the Best Multi-Stage Architecture for Object Recognition?},
	volume = {12},
	journal = {In Proc Intl Conf on Comput Vis},
	doi = {10.1109/ICCV.2009.5459469}
}

@book{goodfellow,
	title={Deep Learning},
	author={Goodfellow I., Bengio Y., Courville A.},
	publisher={MIT Press},
	note={\url{http://www.deeplearningbook.org}},
	year={2016}
}

@article{nwakpa,
	author = {Nwankpa C. et al.},
	year = {2018},
	month = {11},
	title = {Activation Functions: Comparison of trends in Practice and Research for Deep Learning}
}

@article{lecun,
	author = {LeCun Y., Bengio Y., Hinton G.},
	year = {2015},
	month = {05},
	pages = {436-44},
	title = {Deep Learning},
	volume = {521},
	journal = {Nature},
	doi = {10.1038/nature14539}
}

@article{machado,
	author = {Machado S. et al.},
	year = {2010},
	month = {01},
	pages = {451-68},
	title = {EEG-based Brain-Computer Interfaces: An Overview of Basic Concepts and Clinical Applications in Neurorehabilitation},
	volume = {21},
	journal = {Reviews in the neurosciences},
	doi = {10.1515/REVNEURO.2010.21.6.451}
}

@article{miranda,
	author = {Miranda R. et al.},
	year = {2015},
	month = {08},
	pages = {},
	title = {DARPA-funded efforts in the development of novel brain-computer interface technologies},
	journal = {Journal of Neuroscience Methods},
	doi = {10.1016/j.jneumeth.2014.07.019}
}

@article{nashef,
	author = {Nashef A.M. et al.},
	year = {1999},
	month = {08},
	pages = {9-13},
	title = {European system for cardiac operative risk evaluation (EuroSCORE)},
	volume = {16},
	journal = {European journal of cardio-thoracic surgery : official journal of the European Association for Cardio-thoracic Surgery},
	doi = {10.1016/S1010-7940(99)00134-7}
}

@inproceedings{combes,
	author = {Combes C., Kadri F.,Chaabane S.},
	year = {2014},
	month = {11},
	title = {Predicting hospital length of stay using regression models: application to emergency department}
}

@article{sinha,
	author = {Sinha S. et al.},
	year = {2016},
	month = {06},
	title = {American Clinical Neurophysiology Society Guideline 1: Minimum Technical Requirements for Performing Clinical Electroencephalography},
	volume = {33},
	journal = {Journal of clinical neurophysiology : official publication of the American Electroencephalographic Society},
	doi = {10.1097/WNP.0000000000000308}
}

@article{duchi,
	author = {Duchi J.C., Hazan E., Singer Y.},
	year = {2011},
	month = {07},
	pages = {2121-2159},
	title = {Adaptive Subgradient Methods for Online Learning and Stochastic Optimization},
	volume = {12},
	journal = {Journal of Machine Learning Research}
}

@article{kingma,
	author = {Kingma D.P., Ba J.L.},
	year = {2014},
	month = {12},
	pages = {},
	title = {Adam: A Method for Stochastic Optimization},
	journal = {International Conference on Learning Representations}
}

@article{ruder,
	author = {Ruder S.},
	year = {2016},
	month = {09},
	pages = {},
	title = {An overview of gradient descent optimization algorithms}
}

@article{rumelhart,
	author = {Rumelhart D.E, Hinton G.E., Williams R.J.},
	year = {1986},
	month = {10},
	pages = {533-536},
	title = {Learning Representations by Back Propagating Errors},
	volume = {323},
	journal = {Nature},
	doi = {10.1038/323533a0}
}

@article{minai,
	author = {Minai A., Williams R.D.},
	year = {1993},
	month = {12},
	pages = {845-853},
	title = {On the derivatives of the sigmoid},
	volume = {6},
	journal = {Neural Networks},
	doi = {10.1016/S0893-6080(05)80129-7}
}

@article{he,
	author = {He K. et al.},
	year = {2015},
	month = {02},
	pages = {},
	title = {Delving Deep into Rectifiers: Surpassing Human-Level Performance on ImageNet Classification},
	volume = {1502},
	journal = {IEEE International Conference on Computer Vision (ICCV 2015)},
	doi = {10.1109/ICCV.2015.123}
}

@article{glorot2,
	author = {Glorot X., Bengio Y.},
	year = {2010},
	month = {01},
	pages = {249-256},
	title = {Understanding the difficulty of training deep feedforward neural networks},
	journal = {International Conference on Artificial Intelligence and Statistics}
}

@article{cortes,
	author = {Cortes C., Vapnik V.N.},
	year = {1995},
	month = {01},
	pages = {273-297},
	title = {Support Vector Networks},
	volume = {20},
	journal = {Machine Learning},
	doi = {10.1023/A:1022627411411}
}

@misc{svmimg,
	note = "\url{https://www.eric-kim.net/eric-kim-net/posts/1/kernel_trick.html} [dostęp 10.05.2019]",
}

@article{oja,
	author = {Hyvärinen A., Oja E.,},
	year = {2000},
	month = {06},
	pages = {411-30},
	title = {Independent Component Analysis: Algorithms and Applications},
	volume = {13},
	journal = {Neural networks : the official journal of the International Neural Network Society},
	doi = {10.1016/S0893-6080(00)00026-5}
}


@article{langlois,
	author = {Langlois D., Chartier S., Gosselin D.},
	year = {2010},
	month = {03},
	pages = {},
	title = {An Introduction to Independent Component Analysis: InfoMax and FastICA algorithms},
	volume = {6},
	journal = {Tutorials in Quantitative Methods for Psychology},
	doi = {10.20982/tqmp.06.1.p031}
}

@inproceedings{sahonero,
	author = {Sahonero-Alvarez G., Calderon H.},
	year = {2017},
	month = {03},
	title = {A Comparison of SOBI, FastICA, JADE and Infomax Algorithms}
}

@article{palmer,
	author = {Palmer J., Kreutz-Delgado K.,  Makeig S.},
	year = {2011},
	month = {01},
	title = {AMICA: An Adaptive Mixture of Independent Component Analyzers with Shared Components}
}

@article{welch,
	author = {Welch P.D.},
	year = {1967},
	month = {07},
	pages = {70 - 73},
	title = {The Use of Fast Fourier Transform for the Estimation of Power Spectra: A Method Based on Time Averaging Over Short, Modified Periodograms},
	volume = {15},
	journal = {Audio and Electroacoustics, IEEE Transactions on},
	doi = {10.1109/TAU.1967.1161901}
}

@inproceedings{prochazka,
	author = {Procházka, Aleš and Kukal, Jaromir and Vyšata, Oldřich},
	year = {2008},
	month = {04},
	pages = {719 - 722},
	title = {Wavelet transform use for feature extraction and EEG signal segments classification},
	isbn = {978-1-4244-1687-5},
	journal = {2008 3rd International Symposium on Communications, Control, and Signal Processing, ISCCSP 2008},
	doi = {10.1109/ISCCSP.2008.4537317}
}

@misc{dwttree,
	note = "\url{https://en.wikipedia.org/wiki/File:Wavelets_-_Filter_Bank.png} [dostęp 09.06.2019]",
}

@article{szegedy,
	author = {Szegedy C., Toshev A., Erhan D.},
	year = {2013},
	month = {01},
	pages = {},
	title = {Deep Neural Networks for object detection},
	volume = {26},
	journal = {Advances in Neural Information Processing Systems}
}

@article{purwins,
	author = {Purwins H. et al.},
	year = {2019},
	month = {04},
	pages = {},
	title = {Deep Learning for Audio Signal Processing},
	volume = {13},
	journal = {IEEE Journal on Selected Topics in Signal Processing},
	doi = {10.1109/JSTSP.2019.2908700}
}

@article{addison,
	author = {Addison, P.S.},
	year = {2005},
	month = {11},
	pages = {R155-99},
	title = {Wavelet transforms and the ECG: A review},
	volume = {26},
	journal = {Physiological measurement},
	doi = {10.1088/0967-3334/26/5/R01}
}

@book{rojas,
	author  = "Rojas P.",
	title   = "Neural Networks: A Systematic Introduction",
	publisher = "Springer",
	year    = "1996",
	edition = "1",
}

@article{sze,
	author = {Sze V. et al.},
	year = {2017},
	month = {03},
	pages = {},
	title = {Efficient Processing of Deep Neural Networks: A Tutorial and Survey},
	volume = {105},
	journal = {Proceedings of the IEEE},
	doi = {10.1109/JPROC.2017.2761740}
}

@article{joliffe,
	author = {Jolliffe I., Cadima J.},
	year = {2016},
	month = {04},
	pages = {20150202},
	title = {Principal component analysis: A review and recent developments},
	volume = {374},
	journal = {Philosophical Transactions of the Royal Society A: Mathematical, Physical and Engineering Sciences},
	doi = {10.1098/rsta.2015.0202}
}

@article{tharwat,
	author = {Tharwat A.},
	year = {2016},
	month = {01},
	pages = {197},
	title = {Principal component analysis - a tutorial},
	volume = {3},
	journal = {International Journal of Applied Pattern Recognition},
	doi = {10.1504/IJAPR.2016.079733}
}

@ARTICLE{gewers,
	author = {Gewers Felipe L. et al.},
	title = "{Principal Component Analysis: A Natural Approach to Data Exploration}",
	journal = {arXiv e-prints},
	keywords = {Computer Science - Computational Engineering, Finance, and Science, Statistics - Computation, Statistics - Methodology},
	year = "2018",
	month = "4",
	url = {https://arxiv.org/abs/1804.02502},
}

@misc{pca,
	note = "\url{https://wiki.math.uwaterloo.ca/statwiki/index.php?title=File:PCA_in_Neuroscience.png} [dostęp 08.09.2019]",
}

@article{sutskever,
	author = {Sutskever I. et al.},
	year = {2013},
	month = {01},
	pages = {1139-1147},
	title = {On the importance of initialization and momentum in deep learning},
	journal = {30th International Conference on Machine Learning, ICML 2013}
}

@misc{sklearn,
	title = "Dokumentacja biblioteki \textit{scikit-learn}",
	note = "\url{https://scikit-learn.org/stable/documentation.html} [dostęp 09.09.2019]",
}

@misc{tensorflow,
	title = "Dokumentacja biblioteki \textit{TensorFlow}",
	note = "\url{https://www.tensorflow.org/guide} [dostęp 09.09.2019]",
}

@misc{keras,
	title = "Dokumentacja biblioteki \textit{Keras}",
	note = "\url{https://keras.io/} [dostęp 09.09.2019]",
}

@article{acharya,
	author = {Acharya U Rajendra et al.},
	year = {2017},
	month = {09},
	pages = {},
	title = {Deep convolutional neural network for the automated detection and diagnosis of seizure using EEG signals},
	volume = {100},
	journal = {Computers in Biology and Medicine},
	doi = {10.1016/j.compbiomed.2017.09.017}
}

@article{tharwat,
	author = {Tharwat A. et al.},
	year = {2017},
	month = {05},
	pages = {169-190,},
	title = {Linear discriminant analysis: A detailed tutorial},
	volume = {30},
	journal = {Ai Communications},
	doi = {10.3233/AIC-170729}
}

@article{fodor,
	title = {A Survey of Dimension Reduction Techniques},
	author = {Fodor I. K.},
	doi = {10.2172/15002155},
	year = {2002},
	month = {5}
} 

@article{dhavamany,
	author = {Dhavamany N., Pavalakodi S.},
	year = {2010},
	month = {01},
	title = {A New Method for Dimensionality Reduction Using K-Means Clustering Algorithm for High Dimensional Data Set},
	volume = {13},
	journal = {International Journal of Computer Applications},
	doi = {10.5120/1789-2471}
}

@article{kotsiantis,
	author = {Kotsiantis S.},
	year = {2011},
	month = {06},
	title = {Feature selection for machine learning classification problems: A recent overview},
	volume = {42},
	journal = {Artificial Intelligence Review - AIR},
	doi = {10.1007/s10462-011-9230-1}
}

@inproceedings{verleysen,
	author = {Verleysen M., François D.},
	year = {2005},
	month = {06},
	pages = {758-770},
	title = {The Curse of Dimensionality in Data Mining and Time Series Prediction},
	volume = {3512},
	journal = {Lecture Notes in Computer Science},
	doi = {10.1007/11494669_93}
}

@article{hall,
	author = {Hall M., Holmes G.},
	year = {2003},
	month = {12},
	pages = {1437- 1447},
	title = {Benchmarking Attribute Selection Techniques for Discrete Class Data Mining},
	volume = {15},
	journal = {Knowledge and Data Engineering, IEEE Transactions on},
	doi = {10.1109/TKDE.2003.1245283}
}